% Encoding: windows-1252

@Article{Barn-JORVQ,
  author  = {Christopher F. Barnes and Richard L. Frost},
  title   = {Residual Vector Quantizers with Jointly Optimized Code Books},
  journal = {Advances in Electronics and Electron Physics},
  year    = {1992},
  volume  = {84},
  pages   = {1--59},
}

@Book{MartinShaw,
  Title                    = {Particle Physics},
  Author                   = {B.R. Martin and G. Shaw},
  Publisher                = {Wiley},
  Year                     = {2017}
}

@article{PhysRevLett.111.191801,
  title = {Measurement of Form-Factor-Independent Observables in the Decay ${B}^{0}\ensuremath{\rightarrow}{K}^{*0}{\ensuremath{\mu}}^{\mathbf{+}}{\ensuremath{\mu}}^{\mathbf{\ensuremath{-}}}$},
  author = {Aaij, R. and others},
  collaboration = {LHCb Collaboration},
  journal = {Phys. Rev. Lett.},
  volume = {111},
  issue = {19},
  pages = {191801},
  numpages = {8},
  year = {2013},
  month = {Nov},
  publisher = {American Physical Society},
  doi = {10.1103/PhysRevLett.111.191801},
  url = {https://link.aps.org/doi/10.1103/PhysRevLett.111.191801}
}

@Article{Aaij2016,
author={The LHCb collaboration},
title = {Angular analysis of the ${B}^{0}\ensuremath{\rightarrow}{K}^{*0}{\ensuremath{\mu}}^{\mathbf{+}}{\ensuremath{\mu}}^{\mathbf{\ensuremath{-}}}$ decay using 3 fb−1 of integrated luminosity},
journal={Journal of High Energy Physics},
year={2016},
month={Feb},
day={16},
volume={2016},
number={2},
pages={104},
issn={1029-8479},
doi={10.1007/JHEP02(2016)104},
url={https://doi.org/10.1007/JHEP02(2016)104},
}

@inproceedings{Abdesselam:2016llu,
      author         = "Abdesselam, A. and others",
      title          = "{Angular analysis of $B^0 \to K^\ast(892)^0 \ell^+
                        \ell^-$}",
      booktitle      = "{Proceedings, LHCSki 2016 - A First Discussion of 13 TeV
                        Results: Obergurgl, Austria, April 10-15, 2016}",
      collaboration  = "Belle",
      year           = "2016",
      eprint         = "1604.04042",
      archivePrefix  = "arXiv",
      primaryClass   = "hep-ex",
      reportNumber   = "BELLE-CONF-1603",
      SLACcitation   = "%%CITATION = ARXIV:1604.04042;%%"
}

@article{PhysRevLett.113.151601,
  title = {Test of Lepton Universality Using ${B}^{+}\ensuremath{\rightarrow}{K}^{+}{\ensuremath{\ell}}^{+}{\ensuremath{\ell}}^{\ensuremath{-}}$ Decays},
  author = {Aaij, R. and others},
  collaboration = {LHCb Collaboration},
  journal = {Phys. Rev. Lett.},
  volume = {113},
  issue = {15},
  pages = {151601},
  numpages = {10},
  year = {2014},
  month = {Oct},
  publisher = {American Physical Society},
  doi = {10.1103/PhysRevLett.113.151601},
  url = {https://link.aps.org/doi/10.1103/PhysRevLett.113.151601}
}

@Article{Aaij2017,
author="{The LHCb collaboration}",
title="Test of lepton universality with $B_{0} \rightarrow K^{*0}l^{+}l^{−}$ decays",
journal="Journal of High Energy Physics",
year="2017",
month="Aug",
day="16",
volume="2017",
number="8",
pages="55",
issn="1029-8479",
doi="10.1007/JHEP08(2017)055",
url="https://doi.org/10.1007/JHEP08(2017)055"
}

@Article{D’Amico2017,
author="D'Amico, Guido
and Nardecchia, Marco
and Panci, Paolo
and Sannino, Francesco
and Strumia, Alessandro
and Torre, Riccardo
and Urbano, Alfredo",
title="Flavour anomalies after the RK∗ measurement",
journal="Journal of High Energy Physics",
year="2017",
month="Sep",
day="04",
volume="2017",
number="9",
pages="10",
doi="10.1007/JHEP09(2017)010",
url="https://doi.org/10.1007/JHEP09(2017)010"
}

@Article{Capdevila2018,
author="Capdevila, Bernat
and Crivellin, Andreas
and Descotes-Genon, S{\'e}bastien
and Matias, Joaquim
and Virto, Javier",
title="Patterns of New Physics in $b {\rightarrow} sl^{}l^{−}$ transitions in the light of recent data",
journal="Journal of High Energy Physics",
year="2018",
month="Jan",
day="19",
volume="2018",
number="1",
pages="93",
issn="1029-8479",
doi="10.1007/JHEP01(2018)093",
url="https://doi.org/10.1007/JHEP01(2018)093"
}

@article{NatFCNC,
  Author = {Archilli, F. and Bettler, M. -O. and Owen, P. and Petridis, K. A.},
  Date = {2017/06/07/online},
  Day = {07},
  Journal = {Nature},
  Month = {06},
  Pages = {221 EP  -},
  Publisher = {Macmillan Publishers Limited, part of Springer Nature. All rights reserved. SN  -},
  Title = {Flavour-changing neutral currents making and breaking the standard model},
  Ty = {JOUR},
  Url = {https://doi.org/10.1038/nature21721},
  Volume = {546},
  Year = {2017},
  url = {https://doi.org/10.1038/nature21721}
  }

  @article{Dalchenko:2017shg,
      author         = "Abdullah, Mohammad and Dalchenko, Mykhailo and Dutta,
                        Bhaskar and Eusebi, Ricardo and Huang, Peisi and Kamon,
                        Teruki and Rathjens, Denis and Thompson, Adrian",
      title          = "{Bottom-quark fusion processes at the LHC for probing
                        Z′ models and $B$ -meson decay anomalies}",
      journal        = "Phys. Rev.",
      volume         = "D97",
      year           = "2018",
      number         = "7",
      pages          = "075035",
      doi            = "10.1103/PhysRevD.97.075035",
      eprint         = "1707.07016",
      archivePrefix  = "arXiv",
      primaryClass   = "hep-ph",
      SLACcitation   = "%%CITATION = ARXIV:1707.07016;%%"
}
  @article{Buras:2013,
      author         = "Andrzej J. Buras and Jennifer Girrbach",
      title          = "{Left-handed Z' and Z FCNC quark couplings facing new $b \rightarrow s \mu^{+} mu^{-}$ data}",
      journal        = "J. High Energ. Phys. ",
      volume         = "9",
      year           = "2013",
      doi            = "10.1007/JHEP12(2013)009",
      archivePrefix  = "arXiv",
      primaryClass   = "hep-ph",
      SLACcitation   = "%%CITATION = ARXIV:1309.2466;%%"
}

@article{201757,
title = "Search for narrow resonances in dilepton mass spectra in proton-proton collisions at $\sqrt{s}=13$ TeV and combination with 8 TeV data",
journal = "Physics Letters B",
volume = "768",
pages = "57 - 80",
year = "2017",
issn = "0370-2693",
doi = "https://doi.org/10.1016/j.physletb.2017.02.010",
url = "http://www.sciencedirect.com/science/article/pii/S0370269317301004",
author = "The CMS Collaboration",
}

@article{Sirunyan:2018exx,
      author         = "Sirunyan, Albert M and others",
      title          = "{Search for high-mass resonances in dilepton final states
                        in proton-proton collisions at $\sqrt{s}=$ 13 TeV}",
      collaboration  = "CMS",
      journal        = "JHEP",
      volume         = "06",
      year           = "2018",
      pages          = "120",
      doi            = "10.1007/JHEP06(2018)120",
      eprint         = "1803.06292",
      archivePrefix  = "arXiv",
      primaryClass   = "hep-ex",
      reportNumber   = "CMS-EXO-16-047, CERN-EP-2018-027",
      SLACcitation   = "%%CITATION = ARXIV:1803.06292;%%"
}

@Article{Aaij2014,
author="{The LHCb collaboration}",
title="Differential branching fractions and isospin asymmetries of $B{\rightarrow} K^{*}\mu^{+}\mu^{−}$ decays",
journal="Journal of High Energy Physics",
year="2014",
month="Jun",
day="23",
volume="2014",
number="6",
pages="133",
issn="1029-8479",
doi="10.1007/JHEP06(2014)133",
url="https://doi.org/10.1007/JHEP06(2014)133"
}

@Article{Aaij20162,
author="{The LHCb collaboration}",
title="Measurements of the S-wave fraction in $B^{0} {\rightarrow} K^{+}\pi^{−}\mu^{+}\mu^{−}$ decays and the $B^{0} {\rightarrow} K^{*0}(892)\mu^{+}\mu^{−}$ differential branching fraction",
journal="Journal of High Energy Physics",
year="2016",
month="Nov",
day="08",
volume="2016",
number="11",
pages="47",
issn="1029-8479",
doi="10.1007/JHEP11(2016)047",
url="https://doi.org/10.1007/JHEP11(2016)047"
}

@Article{Altmannshofer2017,
author="Altmannshofer, Wolfgang
and Niehoff, Christoph
and Stangl, Peter
and Straub, David M.",
title="Status of the $B\rightarrow K^{*}mu ^{+}mu^{-}$ anomaly after Moriond 2017",
journal="The European Physical Journal C",
year="2017",
month="Jun",
day="07",
volume="77",
number="6",
pages="377",
issn="1434-6052",
doi="10.1140/epjc/s10052-017-4952-0",
url="https://doi.org/10.1140/epjc/s10052-017-4952-0"
}

@Article{Bordone2016,
author="Bordone, Marzia
and Isidori, Gino
and Pattori, Andrea",
title="On the standard model predictions for $R_{K}$ and $R_{K^{*}}$",
journal="The European Physical Journal C",
year="2016",
month="Aug",
day="08",
volume="76",
number="8",
pages="440",
issn="1434-6052",
doi="10.1140/epjc/s10052-016-4274-7",
url="https://doi.org/10.1140/epjc/s10052-016-4274-7"
}

@article{PhysRevD.96.055008,
  title = {Interpreting hints for lepton flavor universality violation},
  author = {Altmannshofer, Wolfgang and Stangl, Peter and Straub, David M.},
  journal = {Phys. Rev. D},
  volume = {96},
  issue = {5},
  pages = {055008},
  numpages = {6},
  year = {2017},
  month = {Sep},
  publisher = {American Physical Society},
  doi = {10.1103/PhysRevD.96.055008},
  url = {https://link.aps.org/doi/10.1103/PhysRevD.96.055008}
}

@article{PhysRevD.89.095033,
  title = {Quark flavor transitions in ${L}_{\mu}-{L}_{\tau}$ models},
  author = {Altmannshofer, Wolfgang and Gori, Stefania and Pospelov, Maxim and Yavin, Itay},
  journal = {Phys. Rev. D},
  volume = {89},
  issue = {9},
  pages = {095033},
  numpages = {11},
  year = {2014},
  month = {May},
  publisher = {American Physical Society},
  doi = {10.1103/PhysRevD.89.095033},
  url = {https://link.aps.org/doi/10.1103/PhysRevD.89.095033}
}

@techreport{ATLAS-CONF-2016-045,
      title         = "{Search for new high-mass resonances in the dilepton final
                       state using proton-proton collisions at $\sqrt{s}$ = 13 TeV
                       with the ATLAS detector}",
      author        = {"The ATLAS Collaboration"},
      institution   = "CERN",
      collaboration = "ATLAS Collaboration",
      address       = "Geneva",
      number        = "ATLAS-CONF-2016-045",
      month         = "Aug",
      year          = "2016",
      reportNumber  = "ATLAS-CONF-2016-045",
      url           = "http://cds.cern.ch/record/2206127",
}

@book{Breskin:1244506,
      author        = "Breskin, Amos and Voss, Rüdiger",
      title         = "{The CERN Large Hadron Collider: Accelerator and
                       Experiments}",
      publisher     = "CERN",
      address       = "Geneva",
      year          = "2009",
      url           = "http://cds.cern.ch/record/1244506",
}
@article{Chatrchyan:2008aa,
      author         = "Chatrchyan, S. and others",
      title          = "{The CMS experiment at the CERN LHC}",
      collaboration  = "CMS",
      journal        = "JINST",
      volume         = "3",
      year           = "2008",
      pages          = "S08004",
      doi            = "10.1088/1748-0221/3/08/S08004",
      SLACcitation   = "%%CITATION = JINST,3,S08004;%%"
}

@article{1748-0221-3-08-S08003,
  author={G Aad and others},
  title="{The ATLAS Experiment at the CERN Large Hadron Collider}",
  journal={Journal of Instrumentation},
  volume={3},
  number={08},
  pages={S08003},
  url={http://stacks.iop.org/1748-0221/3/i=08/a=S08003},
  year={2008},
}

@article{Alves:2008zz,
      author         = "Alves, Jr., A. Augusto and others",
      title          = "{The LHCb Detector at the LHC}",
      collaboration  = "LHCb",
      journal        = "JINST",
      volume         = "3",
      year           = "2008",
      pages          = "S08005",
      doi            = "10.1088/1748-0221/3/08/S08005",
      SLACcitation   = "%%CITATION = JINST,3,S08005;%%"
}

@article{Aamodt:2008zz,
      author         = "Aamodt, K. and others",
      title          = "{The ALICE experiment at the CERN LHC}",
      collaboration  = "ALICE",
      journal        = "JINST",
      volume         = "3",
      year           = "2008",
      pages          = "S08002",
      doi            = "10.1088/1748-0221/3/08/S08002",
      SLACcitation   = "%%CITATION = JINST,3,S08002;%%"
}  

@Comment{For Images}
@MISC{LHC-schematic,
    author = {Kurt Andersen and Todd Eberle},
    title = {The Genesis 2.0 Project},
    year = {2010},
    note = {[Online; accessed May 29, 2019},
    howpublished = "\url{http://media.vanityfair.com/photos/54cbf6ad1ca1cf0a23ac6c85/master/w_690,c_limit/image.jpg}"
} 

@MISC{CMS-schematic,
    author = {Tai Sakuma},
    title = {A cutaway diagram of the CMS detector},
    year = {2013},
    note = {[Online; accessed May 29, 2019},
    howpublished = "\url{https://en.wikipedia.org/wiki/Compact_Muon_Solenoid}"
} 

@article{Chatrchyan:2012xi,
      author         = "Chatrchyan, Serguei and others",
      title          = "{Performance of CMS muon reconstruction in $pp$ collision
                        events at $\sqrt{s}=7TeV$}",
      collaboration  = "CMS Collaboration",
      journal        = "JINST",
      volume         = "7",
      pages          = "P10002",
      doi            = "10.1088/1748-0221/7/10/P10002",
      year           = "2012",
      eprint         = "1206.4071",
      archivePrefix  = "arXiv",
      primaryClass   = "physics.ins-det",
      reportNumber   = "CMS-MUO-10-004, CERN-PH-EP-2012-173",
      SLACcitation   = "%%CITATION = ARXIV:1206.4071;%%",
}

@article{20121,
title = "Observation of a new particle in the search for the Standard Model Higgs boson with the ATLAS detector at the LHC",
journal = "Physics Letters B",
volume = "716",
number = "1",
pages = "1 - 29",
year = "2012",
note = "",
issn = "0370-2693",
doi = "http://dx.doi.org/10.1016/j.physletb.2012.08.020",
url = "http://www.sciencedirect.com/science/article/pii/S037026931200857X",
author = "G. Aad and others",
}

@article{201230,
title = "Observation of a new boson at a mass of 125 GeV with the CMS experiment at the LHC",
journal = "Physics Letters B",
volume = "716",
number = "1",
pages = "30 - 61",
year = "2012",
note = "",
issn = "0370-2693",
doi = "http://dx.doi.org/10.1016/j.physletb.2012.08.021",
url = "http://www.sciencedirect.com/science/article/pii/S0370269312008581",
author = "S. Chatrchyan and others",
keywords = "CMS",
keywords = "Physics",
keywords = "Higgs"
}

@MISC{StandardModelDiagram,
    author = {Daniel Dominguez},
    title = {Particles of the Standard Model of particle physics},
    year = {2016},
    note = {[Online; accessed June 7, 2019},
    howpublished = "\url{https://home.cern/science/physics/standard-model}"
} 
@misc{ wiki:charge,
    author = "{Wikipedia contributors}",
    title = "Charge (physics) --- {Wikipedia}{,} The Free Encyclopedia",
    year = "2019",
    url = "https://en.wikipedia.org/w/index.php?title=Charge_(physics)&oldid=898755048",
    note = "[Online; accessed 7-June-2019]"
  }

  @article{Noether1918,
author = {Noether, E.},
journal = {Nachrichten von der Gesellschaft der Wissenschaften zu Göttingen, Mathematisch-Physikalische Klasse},
language = {ger},
pages = {235-257},
title = {Invariante Variationsprobleme},
url = {http://eudml.org/doc/59024},
volume = {1918},
year = {1918},
}

@book{Peskin:1995ev,
      author         = "Peskin, Michael E. and Schroeder, Daniel V.",
      title          = "{An Introduction to quantum field theory}",
      publisher      = "Addison-Wesley",
      address        = "Reading, USA",
      year           = "1995",
      url            = "http://www.slac.stanford.edu/~mpeskin/QFT.html",
      ISBN           = "9780201503975, 0201503972",
      SLACcitation   = "%%CITATION = INSPIRE-407703;%%"
}
@misc{ wiki:diracfield,
    author = "{Wikipedia contributors}",
    title = "Fermionic field --- {Wikipedia}{,} The Free Encyclopedia",
    year = "2018",
    url = "https://en.wikipedia.org/w/index.php?title=Fermionic_field&oldid=873802891",
    note = "[Online; accessed 7-June-2019]"
  }

  @misc{ wiki:gammam,
    author = "{Wikipedia contributors}",
    title = "Gamma matrices --- {Wikipedia}{,} The Free Encyclopedia",
    year = "2019",
    url = "https://en.wikipedia.org/w/index.php?title=Gamma_matrices&oldid=887401456",
    note = "[Online; accessed 7-June-2019]"
  }

  @article{Rajasekaran:2014vza,
      author         = "Rajasekaran, G.",
      title          = "{Fermi and the Theory of Weak Interactions}",
      journal        = "Resonance J. Sci. Educ.",
      volume         = "19",
      year           = "2014",
      number         = "1",
      pages          = "18-44",
      doi            = "10.1007/s12045-014-0005-2",
      eprint         = "1403.3309",
      archivePrefix  = "arXiv",
      primaryClass   = "physics.hist-ph",
      SLACcitation   = "%%CITATION = ARXIV:1403.3309;%%"
}
@article{PhysRev.82.914,
  title = {The Theory of Quantized Fields. I},
  author = {Schwinger, Julian},
  journal = {Phys. Rev.},
  volume = {82},
  issue = {6},
  pages = {914--927},
  numpages = {0},
  year = {1951},
  month = {Jun},
  publisher = {American Physical Society},
  doi = {10.1103/PhysRev.82.914},
  url = {https://link.aps.org/doi/10.1103/PhysRev.82.914}
}
@book{Cheng:1985bj,
      author         = "Cheng, T. P. and Li, L. F.",
      title          = "{GAUGE THEORY OF ELEMENTARY PARTICLE PHYSICS}",
      journal        = "Oxford, Uk: Clarendon ( 1984) 536 P. ( Oxford Science
                        Publications)",
      year           = "1984",
      ISBN           = "9780198519614",
      SLACcitation   = "%%CITATION = INSPIRE-221340;%%"
}

@article{Patrignani:2016xqp,
      author         = "Patrignani, C. and others",
      title          = "{Review of Particle Physics}",
      collaboration  = "Particle Data Group",
      journal        = "Chin. Phys.",
      volume         = "C40",
      year           = "2016",
      number         = "10",
      pages          = "100001",
      doi            = "10.1088/1674-1137/40/10/100001",
      SLACcitation   = "%%CITATION = CHPHD,C40,100001;%%"
}
@article{Aaij:2019wad,
      author         = "Aaij, Roel and others",
      title          = "{Search for lepton-universality violation in $B^+\to
                        K^+\ell^+\ell^-$ decays}",
      collaboration  = "LHCb",
      journal        = "Phys. Rev. Lett.",
      volume         = "122",
      year           = "2019",
      number         = "19",
      pages          = "191801",
      doi            = "10.1103/PhysRevLett.122.191801",
      eprint         = "1903.09252",
      archivePrefix  = "arXiv",
      primaryClass   = "hep-ex",
      reportNumber   = "LHCb-PAPER-2019-009, CERN-EP-2019-043,
                        LHCb-PAPER-2019-009 CERN-EP-2019-043",
      SLACcitation   = "%%CITATION = ARXIV:1903.09252;%%"
}
@article{Ball:2014uwa,
      author         = "Ball, Richard D. and others",
      title          = "{Parton distributions for the LHC Run II}",
      collaboration  = "NNPDF",
      journal        = "JHEP",
      volume         = "04",
      year           = "2015",
      pages          = "040",
      doi            = "10.1007/JHEP04(2015)040",
      eprint         = "1410.8849",
      archivePrefix  = "arXiv",
      primaryClass   = "hep-ph",
      reportNumber   = "EDINBURGH-2014-15, IFUM-1034-FT, CERN-PH-TH-2013-253,
                        OUTP-14-11P, CAVENDISH-HEP-14-11",
      SLACcitation   = "%%CITATION = ARXIV:1410.8849;%%"
}

@article{Billoir:1989mh,
      author         = "Billoir, Pierre",
      title          = "{Progressive track recognition with a Kalman like fitting
                        procedure}",
      booktitle      = "{\#DONE: Comput. Phys. Commun. 57 (1989) 390-394.}",
      journal        = "Comput. Phys. Commun.",
      volume         = "57",
      year           = "1989",
      pages          = "390-394",
      doi            = "10.1016/0010-4655(89)90249-X",
      SLACcitation   = "%%CITATION = CPHCB,57,390;%%"
}

@article{BILLOIR1990219,
title = "Simultaneous pattern recognition and track fitting by the Kalman filtering method",
journal = "Nuclear Instruments and Methods in Physics Research Section A: Accelerators, Spectrometers, Detectors and Associated Equipment",
volume = "294",
number = "1",
pages = "219 - 228",
year = "1990",
issn = "0168-9002",
doi = "https://doi.org/10.1016/0168-9002(90)91835-Y",
url = "http://www.sciencedirect.com/science/article/pii/016890029091835Y",
author = "P. Billoir and S. Qian"
}

@article{Mankel:1997dy,
      author         = "Mankel, R.",
      title          = "{A Concurrent track evolution algorithm for pattern
                        recognition in the HERA-B main tracking system}",
      journal        = "Nucl. Instrum. Meth.",
      volume         = "A395",
      year           = "1997",
      pages          = "169-184",
      doi            = "10.1016/S0168-9002(97)00705-5",
      reportNumber   = "DESY-97-054",
      SLACcitation   = "%%CITATION = NUIMA,A395,169;%%"
}

@article{Fruhwirth:1987fm,
      author         = "Fruhwirth, R.",
      title          = "{Application of Kalman filtering to track and vertex
                        fitting}",
      journal        = "Nucl. Instrum. Meth.",
      volume         = "A262",
      year           = "1987",
      pages          = "444-450",
      doi            = "10.1016/0168-9002(87)90887-4",
      reportNumber   = "HEPHY-PUB-87-503",
      SLACcitation   = "%%CITATION = NUIMA,A262,444;%%"
}
@article{TRK-11-001,
      author         = "Chatrchyan, Serguei and others",
      title          = "{Description and performance of track and
                        primary-vertex reconstruction with the CMS
                        tracker}",
      collaboration  = "CMS",
      journal           = "JINST",
      volume          = "9",
      pages           = "P10009",
      doi            = "10.1088/1748-0221/9/10/P10009",
      year           = "2014",
      eprint         = "1405.6569",
      archivePrefix  = "arXiv",
      primaryClass   = "physics.ins-det",
      reportNumber   = "CMS-TRK-11-001, CERN-PH-EP-2014-070",
      SLACcitation   = "%%CITATION = ARXIV:1405.6569;%%",
      url            = {http://stacks.iop.org/1748-0221/9/i=10/a=P10009}
}

@techreport{Fruhwirth:1027031,
      author        = "Frühwirth, R and Waltenberger, Wolfgang and Vanlaer,
                       Pascal",
      title         = "{Adaptive Vertex Fitting}",
      institution   = "CERN",
      address       = "Geneva",
      number        = "CMS-NOTE-2007-008",
      month         = "Mar",
      year          = "2007",
      reportNumber  = "CMS-NOTE-2007-008",
      url           = "https://cds.cern.ch/record/1027031",
}

@ARTICLE{726788, 
author={K. {Rose}}, 
journal={Proceedings of the IEEE}, 
title={Deterministic annealing for clustering, compression, classification, regression, and related optimization problems}, 
year={1998}, 
volume={86}, 
number={11}, 
pages={2210-2239}, 
doi={10.1109/5.726788}, 
ISSN={0018-9219}, 
month={Nov},}

@techreport{Speer:927395,
      author        = "Speer, Thomas and Prokofiev, Kirill and Frühwirth, R and
                       Waltenberger, Wolfgang and Vanlaer, Pascal",
      title         = "{Vertex Fitting in the CMS Tracker}",
      institution   = "CERN",
      address       = "Geneva",
      number        = "CMS-NOTE-2006-032",
      month         = "Feb",
      year          = "2006",
      reportNumber  = "CMS-NOTE-2006-032",
      url           = "https://cds.cern.ch/record/927395",
}

@misc{CMSSlice,
      collaboration = "CMS",
      title         = "{The CMS Detector and the Token Bit Manager}",
      month         = "Jan",
      year          = "2017",
      howpublished  = "\url{https://www.phys.ksu.edu/reu2014/wabehn/}",
}
@article{BUSKULIC1995481,
title = "Performance of the ALEPH detector at LEP",
journal = "Nuclear Instruments and Methods in Physics Research Section A: Accelerators, Spectrometers, Detectors and Associated Equipment",
volume = "360",
number = "3",
pages = "481 - 506",
year = "1995",
issn = "0168-9002",
doi = "https://doi.org/10.1016/0168-9002(95)00138-7",
url = "http://www.sciencedirect.com/science/article/pii/0168900295001387",
author = "The ALEP Collaboration"
}

@techreport{CMS-PAS-PFT-09-001,
      title         = "{Particle-Flow Event Reconstruction in CMS and Performance
                       for Jets, Taus, and MET}",
      institution   = "CERN",
      collaboration = "CMS Collaboration",
      address       = "Geneva",
      number        = "CMS-PAS-PFT-09-001",
      month         = "Apr",
      year          = "2009",
      reportNumber  = "CMS-PAS-PFT-09-001",
      url           = "http://cds.cern.ch/record/1194487",
}


